@article{ahu61,
   author={Arrow, Kenneth J. and Leonid Hurwicz and Hirofumi Uzawa},
   title={Constraint qualifications in maximization problems},
   journal={Naval Research Logistics Quarterly},
   volume={8},
   year=1961,
   pages={175-191}
}

@article{grix2020impact,
  title={The impact of Covid-19 on sport},
  author={Grix, Jonathan and Brannagan, Paul Michael and Grimes, Holly and Neville, Ross},
  journal={International Journal of Sport Policy and Politics},
  pages={1--12},
  year={2020},
  publisher={Taylor \& Francis}
}

@article{lechner2007imagined,
  title={Imagined communities in the global game: Soccer and the development of Dutch national identity},
  author={Lechner, Frank J},
  journal={Global networks},
  volume={7},
  number={2},
  pages={215--229},
  year={2007},
  publisher={Wiley Online Library}
}

@article{boen2002behavioral,
  title={Behavioral consequences of fluctuating group success: An Internet study of soccer-team fans},
  author={Boen, Filip and Vanbeselaere, Norbert and Feys, Jos},
  journal={The Journal of social psychology},
  volume={142},
  number={6},
  pages={769--781},
  year={2002},
  publisher={Taylor \& Francis}
}

@article{kassing2010fan,
  title={Fan--athlete interaction and Twitter tweeting through the Giro: A case study},
  author={Kassing, Jeffrey W and Sanderson, Jimmy},
  journal={International journal of sport communication},
  volume={3},
  number={1},
  pages={113--128},
  year={2010},
  publisher={Human Kinetics, Inc.}
}

@article{johnes2008we,
  title={We Hate England! We Hate England? National Identity and Anti-Englishness in Welsh Soccer Fan Culture},
  author={Johnes, Martin},
  journal={Soccer Review},
  year={2008}
}